<record><leader>00000cas a2200000 a 4500</leader><controlfield tag="001">11586566</controlfield><controlfield tag="008">850116d18841899ksudr ne      0   a0eng d</controlfield><datafield ind1=" " ind2=" " tag="010"><subfield code="a">sn 84030479 </subfield></datafield><datafield ind1=" " ind2=" " tag="040"><subfield code="a">KSH</subfield><subfield code="b">eng</subfield><subfield code="c">KSH</subfield><subfield code="d">NPT</subfield><subfield code="d">OCL</subfield><subfield code="d">OCLCQ</subfield></datafield><datafield ind1=" " ind2=" " tag="042"><subfield code="a">msc</subfield></datafield><datafield ind1="0" ind2="0" tag="245"><subfield code="a">Newton daily republican.</subfield></datafield><datafield ind1="3" ind2="0" tag="246"><subfield code="a">Daily republican</subfield></datafield><datafield ind1="1" ind2="3" tag="246"><subfield code="a">Newton republican</subfield><subfield code="f">July 27-Oct. 24, 1896</subfield></datafield><datafield ind1=" " ind2=" " tag="260"><subfield code="a">Newton, Kan. :</subfield><subfield code="b">Allen B. Lemmon,</subfield><subfield code="c">-1899.</subfield></datafield><datafield ind1=" " ind2=" " tag="300"><subfield code="a">v. :</subfield><subfield code="b">ill. ;</subfield><subfield code="c">49-64 cm.</subfield></datafield><datafield ind1=" " ind2=" " tag="310"><subfield code="a">Daily (except Sunday)</subfield></datafield><datafield ind1="0" ind2=" " tag="362"><subfield code="a">-v. 13, no. 77 (Mar. 31, 1899).</subfield></datafield><datafield ind1="1" ind2=" " tag="362"><subfield code="a">Began in 1884.</subfield><subfield code="z">Cf. Ayer, 1886.</subfield></datafield><datafield ind1=" " ind2=" " tag="500"><subfield code="a">Sometimes published as: Daily republican.</subfield></datafield><datafield ind1=" " ind2=" " tag="500"><subfield code="a">Published by: Newton Pub. Co., May 3, 1887-Jan. 30, 1893; Jno. A. Reynolds, Jan. 31, 1893-Sept. 30, 1897; Wm. J. Krehbiel, Oct. 1, 1897-Mar. 31, 1899.</subfield></datafield><datafield ind1=" " ind2=" " tag="580"><subfield code="a">Issued also in a weekly edition called: Newton republican (Newton, Kan. : 1879) 1884-Sept. 25, 1896; Weekly republican (Newton, Kan.) Oct. 1, 1897-Mar. 31, 1899.</subfield></datafield><datafield ind1=" " ind2=" " tag="588"><subfield code="a">Description based on: Vol. 2, no. 376 (Feb. 25, 1886).</subfield></datafield><datafield ind1=" " ind2=" " tag="752"><subfield code="a">United States</subfield><subfield code="b">Kansas</subfield><subfield code="c">Harvey</subfield><subfield code="d">Newton.</subfield></datafield><datafield ind1="1" ind2=" " tag="775"><subfield code="t">Newton republican (Newton, Kan. : 1879)</subfield><subfield code="w">(DLC)sn 84030472</subfield></datafield><datafield ind1="1" ind2=" " tag="775"><subfield code="t">Weekly republican (Newton, Kan.)</subfield><subfield code="w">(DLC)sn 84030471</subfield></datafield><datafield ind1="0" ind2="7" tag="785"><subfield code="t">Evening Kansan</subfield><subfield code="w">(DLC)sn 84030476</subfield></datafield><datafield ind1="0" ind2="7" tag="785"><subfield code="t">Evening Kansan-republican</subfield><subfield code="w">(DLC)sn 84030478</subfield></datafield><datafield ind1="1" ind2=" " tag="029"><subfield code="a">AU@</subfield><subfield code="b">000020350916</subfield></datafield></record>